@techreport{Tile-noise,
	author       = "Artamonov, A and Fiorini, L and Martin, B T and Novakova, J
		and Solodkov, A and Vichou, I",
	title        = "Description of the Tile Calorimeter Electronic Noise",
	institution  = "CERN",
	address      = "Geneva",
	number       = "ATL-COM-TILECAL-2010-035",
	month        = "Dec",
	year         = "2010",
}
